<?xml version="1.0" encoding="UTF-8"?><collection xmlns="http://www.loc.gov/MARC21/slim"><record><leader>00390nam--2200133-i-4500</leader><controlfield tag="001">000046792</controlfield><controlfield tag="002">20161230</controlfield><controlfield tag="005">20161230201046</controlfield><controlfield tag="008">060222s1000------------r-----000-0-eng-d</controlfield><datafield ind1=" " ind2=" " tag="100"><subfield code="a">Walfisz, Arnold</subfield></datafield><datafield ind1=" " ind2=" " tag="245"><subfield code="a">Weylsche exponentialsummen in der neueren zahlentheorie</subfield></datafield><datafield ind1=" " ind2=" " tag="260"><subfield code="a">Berlin, Veb Deutsche Verlag Der Wiss., 1963, 231p</subfield></datafield><datafield ind1=" " ind2=" " tag="490"><subfield code="a">Mathematische Forschungsberichte</subfield></datafield><datafield ind1=" " ind2=" " tag="852"><subfield code="a">18790</subfield></datafield></record></collection>